<record><leader>00000cas a22000007a 4500</leader><controlfield tag="001">27091913</controlfield><controlfield tag="008">921209d19521954scuwr ne      0    0eng d</controlfield><datafield ind1=" " ind2=" " tag="010"><subfield code="a">sn 92065744 </subfield></datafield><datafield ind1=" " ind2=" " tag="040"><subfield code="a">SVN</subfield><subfield code="b">eng</subfield><subfield code="c">SVN</subfield><subfield code="d">OCLCQ</subfield></datafield><datafield ind1=" " ind2=" " tag="042"><subfield code="a">msc</subfield></datafield><datafield ind1="0" ind2="4" tag="245"><subfield code="a">The Horry County news and the Loris sentinel.</subfield></datafield><datafield ind1=" " ind2=" " tag="260"><subfield code="a">Loris, S.C. :</subfield><subfield code="b">Atlantic Pub. Co.</subfield></datafield><datafield ind1=" " ind2=" " tag="300"><subfield code="a">v.</subfield></datafield><datafield ind1=" " ind2=" " tag="310"><subfield code="a">Weekly</subfield></datafield><datafield ind1="0" ind2=" " tag="362"><subfield code="a">Vol. 16, no. 25 (Jun. 5, 1952)-v. 19, no. 22 (July 21, 1954).</subfield></datafield><datafield ind1=" " ind2="4" tag="651"><subfield code="a">Horry County (S.C.)</subfield><subfield code="v">Newspapers.</subfield></datafield><datafield ind1=" " ind2=" " tag="752"><subfield code="a">United States</subfield><subfield code="b">South Carolina</subfield><subfield code="c">Horry</subfield><subfield code="d">Loris.</subfield></datafield><datafield ind1="0" ind2="0" tag="780"><subfield code="t">Horry County news</subfield><subfield code="w">(DLC)sn 92065732</subfield></datafield><datafield ind1="0" ind2="0" tag="785"><subfield code="t">Loris sentinel</subfield><subfield code="w">(DLC)sn 92065720</subfield></datafield><datafield ind1="1" ind2=" " tag="029"><subfield code="a">AU@</subfield><subfield code="b">000020733943</subfield></datafield></record>